@Manual{R-AnnotationHub,
  title = {AnnotationHub: Client to access AnnotationHub resources},
  author = {Martin Morgan and Lori Shepherd},
  year = {2022},
  note = {R package version 3.6.0},
}

@Manual{R-base,
  title = {R: A Language and Environment for Statistical Computing},
  author = {{R Core Team}},
  organization = {R Foundation for Statistical Computing},
  address = {Vienna, Austria},
  year = {2022},
  url = {https://www.R-project.org/},
}

@Manual{R-Biobase,
  title = {Biobase: Base functions for Bioconductor},
  author = {R. Gentleman and V. Carey and M. Morgan and S. Falcon},
  year = {2022},
  note = {R package version 2.58.0},
  url = {https://bioconductor.org/packages/Biobase},
}

@Manual{R-BiocFileCache,
  title = {BiocFileCache: Manage Files Across Sessions},
  author = {Lori Shepherd and Martin Morgan},
  year = {2023},
  note = {R package version 2.6.1},
}

@Manual{R-BiocGenerics,
  title = {BiocGenerics: S4 generic functions used in Bioconductor},
  author = {The Bioconductor Dev Team},
  year = {2022},
  note = {R package version 0.44.0},
  url = {https://bioconductor.org/packages/BiocGenerics},
}

@Manual{R-bookdown,
  title = {bookdown: Authoring Books and Technical Documents with R Markdown},
  author = {Yihui Xie},
  year = {2023},
  note = {R package version 0.33},
  url = {https://CRAN.R-project.org/package=bookdown},
}

@Manual{R-dbplyr,
  title = {dbplyr: A dplyr Back End for Databases},
  author = {Hadley Wickham and Maximilian Girlich and Edgar Ruiz},
  year = {2023},
  note = {R package version 2.3.2},
  url = {https://CRAN.R-project.org/package=dbplyr},
}

@Manual{R-ExperimentHub,
  title = {ExperimentHub: Client to access ExperimentHub resources},
  author = {Martin Morgan and Lori Shepherd},
  year = {2022},
  note = {R package version 2.6.0},
}

@Manual{R-GenomeInfoDb,
  title = {GenomeInfoDb: Utilities for manipulating chromosome names, including modifying
them to follow a particular naming style},
  author = {Sonali Arora and Martin Morgan and Marc Carlson and Hervé Pagès},
  year = {2023},
  note = {R package version 1.34.9},
  url = {https://bioconductor.org/packages/GenomeInfoDb},
}

@Manual{R-GenomicRanges,
  title = {GenomicRanges: Representation and manipulation of genomic intervals},
  author = {Patrick Aboyoun and Hervé Pagès and Michael Lawrence},
  year = {2022},
  note = {R package version 1.50.2},
  url = {https://bioconductor.org/packages/GenomicRanges},
}

@Manual{R-ggplot2,
  title = {ggplot2: Create Elegant Data Visualisations Using the Grammar of Graphics},
  author = {Hadley Wickham and Winston Chang and Lionel Henry and Thomas Lin Pedersen and Kohske Takahashi and Claus Wilke and Kara Woo and Hiroaki Yutani and Dewey Dunnington},
  year = {2023},
  note = {R package version 3.4.2},
  url = {https://CRAN.R-project.org/package=ggplot2},
}

@Manual{R-ggspavis,
  title = {ggspavis: Visualization functions for spatially resolved transcriptomics
data},
  author = {Lukas M. Weber and Helena L. Crowell},
  year = {2022},
  note = {R package version 1.4.0},
  url = {https://github.com/lmweber/ggspavis},
}

@Manual{R-IRanges,
  title = {IRanges: Foundation of integer range manipulation in Bioconductor},
  author = {Hervé Pagès and Patrick Aboyoun and Michael Lawrence},
  year = {2022},
  note = {R package version 2.32.0},
  url = {https://bioconductor.org/packages/IRanges},
}

@Manual{R-knitr,
  title = {knitr: A General-Purpose Package for Dynamic Report Generation in R},
  author = {Yihui Xie},
  year = {2023},
  note = {R package version 1.42},
  url = {https://yihui.org/knitr/},
}

@Manual{R-MatrixGenerics,
  title = {MatrixGenerics: S4 Generic Summary Statistic Functions that Operate on
Matrix-Like Objects},
  author = {Constantin Ahlmann-Eltze and Peter Hickey and Hervé Pagès},
  year = {2022},
  note = {R package version 1.10.0},
  url = {https://bioconductor.org/packages/MatrixGenerics},
}

@Manual{R-matrixStats,
  title = {matrixStats: Functions that Apply to Rows and Columns of Matrices (and to
Vectors)},
  author = {Henrik Bengtsson},
  year = {2022},
  note = {R package version 0.63.0},
  url = {https://github.com/HenrikBengtsson/matrixStats},
}

@Manual{R-rmarkdown,
  title = {rmarkdown: Dynamic Documents for R},
  author = {JJ Allaire and Yihui Xie and Christophe Dervieux and Jonathan McPherson and Javier Luraschi and Kevin Ushey and Aron Atkins and Hadley Wickham and Joe Cheng and Winston Chang and Richard Iannone},
  year = {2023},
  note = {R package version 2.21},
  url = {https://CRAN.R-project.org/package=rmarkdown},
}

@Manual{R-S4Vectors,
  title = {S4Vectors: Foundation of vector-like and list-like containers in
Bioconductor},
  author = {Hervé Pagès and Michael Lawrence and Patrick Aboyoun},
  year = {2023},
  note = {R package version 0.36.2},
  url = {https://bioconductor.org/packages/S4Vectors},
}

@Manual{R-scater,
  title = {scater: Single-Cell Analysis Toolkit for Gene Expression Data in R},
  author = {Davis McCarthy and Kieran Campbell and Aaron Lun and Quin Wills},
  year = {2022},
  note = {R package version 1.26.1},
  url = {http://bioconductor.org/packages/scater/},
}

@Manual{R-scran,
  title = {scran: Methods for Single-Cell RNA-Seq Data Analysis},
  author = {Aaron Lun and Karsten Bach},
  year = {2023},
  note = {R package version 1.26.2},
}

@Manual{R-scuttle,
  title = {scuttle: Single-Cell RNA-Seq Analysis Utilities},
  author = {Aaron Lun and Davis McCarthy},
  year = {2023},
  note = {R package version 1.8.4},
}

@Manual{R-SingleCellExperiment,
  title = {SingleCellExperiment: S4 Classes for Single Cell Data},
  author = {Aaron Lun and Davide Risso},
  year = {2023},
  note = {R package version 1.20.1},
}

@Manual{R-SpatialExperiment,
  title = {SpatialExperiment: S4 Class for Spatially Resolved Transcriptomics Data},
  author = {Dario Righelli and Davide Risso and Helena L. Crowell and Lukas M. Weber},
  year = {2023},
  note = {R package version 1.8.1},
  url = {https://github.com/drighelli/SpatialExperiment},
}

@Manual{R-STexampleData,
  title = {STexampleData: Collection of spatially-resolved transcriptomics datasets in
SpatialExperiment Bioconductor format},
  author = {Lukas M. Weber},
  year = {2022},
  note = {R package version 1.6.0},
  url = {https://github.com/lmweber/STexampleData},
}

@Manual{R-SummarizedExperiment,
  title = {SummarizedExperiment: SummarizedExperiment container},
  author = {Martin Morgan and Valerie Obenchain and Jim Hester and Hervé Pagès},
  year = {2022},
  note = {R package version 1.28.0},
  url = {https://bioconductor.org/packages/SummarizedExperiment},
}

@Article{Biobase2015,
  author = {W. Huber and V. J. Carey and R. Gentleman and S. Anders and M. Carlson and B. S. Carvalho and H. C. Bravo and S. Davis and L. Gatto and T. Girke and R. Gottardo and F. Hahne and K. D. Hansen and R. A. Irizarry and M. Lawrence and M. I. Love and J. MacDonald and V. Obenchain and A. K. {Ole's} and H. {Pag`es} and A. Reyes and P. Shannon and G. K. Smyth and D. Tenenbaum and L. Waldron and M. Morgan},
  title = {{O}rchestrating high-throughput genomic analysis with {B}ioconductor},
  journal = {Nature Methods},
  year = {2015},
  volume = {12},
  number = {2},
  pages = {115--121},
  url = {http://www.nature.com/nmeth/journal/v12/n2/full/nmeth.3252.html},
}

@Article{BiocGenerics2015,
  author = {{Huber} and {W.} and {Carey} and V. J. and {Gentleman} and {R.} and {Anders} and {S.} and {Carlson} and {M.} and {Carvalho} and B. S. and {Bravo} and H. C. and {Davis} and {S.} and {Gatto} and {L.} and {Girke} and {T.} and {Gottardo} and {R.} and {Hahne} and {F.} and {Hansen} and K. D. and {Irizarry} and R. A. and {Lawrence} and {M.} and {Love} and M. I. and {MacDonald} and {J.} and {Obenchain} and {V.} and {{Ole's}} and A. K. and {{Pag`es}} and {H.} and {Reyes} and {A.} and {Shannon} and {P.} and {Smyth} and G. K. and {Tenenbaum} and {D.} and {Waldron} and {L.} and {Morgan} and {M.}},
  title = {{O}rchestrating high-throughput genomic analysis with {B}ioconductor},
  journal = {Nature Methods},
  year = {2015},
  volume = {12},
  number = {2},
  pages = {115--121},
  url = {http://www.nature.com/nmeth/journal/v12/n2/full/nmeth.3252.html},
}

@Book{bookdown2016,
  title = {bookdown: Authoring Books and Technical Documents with {R} Markdown},
  author = {Yihui Xie},
  publisher = {Chapman and Hall/CRC},
  address = {Boca Raton, Florida},
  year = {2016},
  note = {ISBN 978-1138700109},
  url = {https://bookdown.org/yihui/bookdown},
}

@Article{GenomicRanges2013,
  title = {Software for Computing and Annotating Genomic Ranges},
  author = {Michael Lawrence and Wolfgang Huber and Herv\'e Pag\`es and Patrick Aboyoun and Marc Carlson and Robert Gentleman and Martin Morgan and Vincent Carey},
  year = {2013},
  journal = {{PLoS} Computational Biology},
  volume = {9},
  issue = {8},
  doi = {10.1371/journal.pcbi.1003118},
  url = {http://www.ploscompbiol.org/article/info%3Adoi%2F10.1371%2Fjournal.pcbi.1003118},
}

@Book{ggplot22016,
  author = {Hadley Wickham},
  title = {ggplot2: Elegant Graphics for Data Analysis},
  publisher = {Springer-Verlag New York},
  year = {2016},
  isbn = {978-3-319-24277-4},
  url = {https://ggplot2.tidyverse.org},
}

@Article{IRanges2013,
  title = {Software for Computing and Annotating Genomic Ranges},
  author = {Michael Lawrence and Wolfgang Huber and Herv\'e Pag\`es and Patrick Aboyoun and Marc Carlson and Robert Gentleman and Martin Morgan and Vincent Carey},
  year = {2013},
  journal = {{PLoS} Computational Biology},
  volume = {9},
  issue = {8},
  doi = {10.1371/journal.pcbi.1003118},
  url = {http://www.ploscompbiol.org/article/info%3Adoi%2F10.1371%2Fjournal.pcbi.1003118},
}

@Book{knitr2015,
  title = {Dynamic Documents with {R} and knitr},
  author = {Yihui Xie},
  publisher = {Chapman and Hall/CRC},
  address = {Boca Raton, Florida},
  year = {2015},
  edition = {2nd},
  note = {ISBN 978-1498716963},
  url = {https://yihui.org/knitr/},
}

@InCollection{knitr2014,
  booktitle = {Implementing Reproducible Computational Research},
  editor = {Victoria Stodden and Friedrich Leisch and Roger D. Peng},
  title = {knitr: A Comprehensive Tool for Reproducible Research in {R}},
  author = {Yihui Xie},
  publisher = {Chapman and Hall/CRC},
  year = {2014},
  note = {ISBN 978-1466561595},
}

@Book{rmarkdown2018,
  title = {R Markdown: The Definitive Guide},
  author = {Yihui Xie and J.J. Allaire and Garrett Grolemund},
  publisher = {Chapman and Hall/CRC},
  address = {Boca Raton, Florida},
  year = {2018},
  isbn = {9781138359338},
  url = {https://bookdown.org/yihui/rmarkdown},
}

@Book{rmarkdown2020,
  title = {R Markdown Cookbook},
  author = {Yihui Xie and Christophe Dervieux and Emily Riederer},
  publisher = {Chapman and Hall/CRC},
  address = {Boca Raton, Florida},
  year = {2020},
  isbn = {9780367563837},
  url = {https://bookdown.org/yihui/rmarkdown-cookbook},
}

@Article{scater2017,
  author = {Davis J. McCarthy and Kieran R. Campbell and Aaron T. L. Lun and Quin F. Willis},
  title = {Scater: pre-processing, quality control, normalisation and visualisation of single-cell {R}{N}{A}-seq data in {R}},
  journal = {Bioinformatics},
  year = {2017},
  volume = {33},
  issue = {8},
  pages = {1179-1186},
  doi = {10.1093/bioinformatics/btw777},
}

@Article{scran2016,
  author = {Aaron T. L. Lun and Davis J. McCarthy and John C. Marioni},
  title = {A step-by-step workflow for low-level analysis of single-cell RNA-seq data with Bioconductor},
  journal = {F1000Res.},
  year = {2016},
  volume = {5},
  pages = {2122},
  doi = {10.12688/f1000research.9501.2},
}

@Article{scuttle2017,
  author = {Davis J. McCarthy and Kieran R. Campbell and Aaron T. L. Lun and Quin F. Willis},
  title = {Scater: pre-processing, quality control, normalisation and visualisation of single-cell {R}{N}{A}-seq data in {R}},
  journal = {Bioinformatics},
  year = {2017},
  volume = {33},
  issue = {8},
  pages = {1179-1186},
  doi = {10.1093/bioinformatics/btw777},
}

@Article{SingleCellExperiment2020,
  title = {Orchestrating single-cell analysis with Bioconductor},
  author = {Robert Amezquita and Aaron Lun and Etienne Becht and Vince Carey and Lindsay Carpp and Ludwig Geistlinger and Federico Marini and Kevin Rue-Albrecht and Davide Risso and Charlotte Soneson and Levi Waldron and Herve Pages and Mike Smith and Wolfgang Huber and Martin Morgan and Raphael Gottardo and Stephanie Hicks},
  year = {2020},
  volume = {17},
  pages = {137--145},
  journal = {Nature Methods},
  url = {https://www.nature.com/articles/s41592-019-0654-x},
}

@Article{SpatialExperiment2022,
  title = {SpatialExperiment: infrastructure for spatially-resolved transcriptomics data in R using Bioconductor},
  author = {Dario Righelli and Lukas M. Weber and Helena L. Crowell and Brenda Pardo and Leonardo Collado-Torres and Shila Ghazanfar and Aaron T. L. Lun and Stephanie C. Hicks and Davide Risso},
  journal = {Bioinformatics},
  year = {2022},
  volume = {38},
  number = {11},
  pages = {-3},
  doi = {https://doi.org/10.1093/bioinformatics/btac299},
}

